{
  "leader": "06136cam a2200625 a 4500",
  "fields": [
    {
      "001": "ocm29471346\\"
    },
    {
      "003": "OCoLC"
    },
    {
      "005": "20220701165845.0"
    },
    {
      "008": "931122s1994\\\\\\\\nyua\\\\\\\\\\b\\\\\\\\001\\0deng\\\\"
    },
    {
      "010": {
        "ind1": "\\",
        "ind2": "\\",
        "subfields": [
          {
            "a": "   93045972 "
          }
        ]
      }
    },
    {
      "040": {
        "ind1": "\\",
        "ind2": "\\",
        "subfields": [
          {
            "a": "DLC"
          },
          {
            "b": "eng"
          },
          {
            "c": "DLC"
          },
          {
            "d": "VRT"
          },
          {
            "d": "NLGGC"
          },
          {
            "d": "BTCTA"
          },
          {
            "d": "YDXCP"
          },
          {
            "d": "BAKER"
          },
          {
            "d": "UBC"
          },
          {
            "d": "EEK"
          },
          {
            "d": "OCLCF"
          },
          {
            "d": "UX0"
          },
          {
            "d": "OCL"
          },
          {
            "d": "OCLCQ"
          },
          {
            "d": "OCLCO"
          },
          {
            "d": "DHA"
          },
          {
            "d": "JDP"
          },
          {
            "d": "OCLCO"
          },
          {
            "d": "UKMGB"
          },
          {
            "d": "OCL"
          },
          {
            "d": "DCHUA"
          },
          {
            "d": "CPO"
          },
          {
            "d": "OCLCO"
          },
          {
            "d": "OCL"
          },
          {
            "d": "OCLCA"
          },
          {
            "d": "OCLCQ"
          },
          {
            "d": "OCLCO"
          },
          {
            "d": "ZHC"
          },
          {
            "d": "IL4J6"
          },
          {
            "d": "OCLCO"
          },
          {
            "d": "KQX"
          },
          {
            "d": "OCLCO"
          },
          {
            "d": "PCP"
          },
          {
            "d": "OCLCO"
          }
        ]
      }
    },
    {
      "016": {
        "ind1": "7",
        "ind2": "\\",
        "subfields": [
          {
            "a": "007917185"
          },
          {
            "2": "Uk"
          }
        ]
      }
    },
    {
      "019": {
        "ind1": "\\",
        "ind2": "\\",
        "subfields": [
          {
            "a": "173092676"
          },
          {
            "a": "1020195726"
          },
          {
            "a": "1167018201"
          },
          {
            "a": "1201918957"
          },
          {
            "a": "1242886150"
          }
        ]
      }
    },
    {
      "020": {
        "ind1": "\\",
        "ind2": "\\",
        "subfields": [
          {
            "a": "0465015182"
          }
        ]
      }
    },
    {
      "020": {
        "ind1": "\\",
        "ind2": "\\",
        "subfields": [
          {
            "a": "9780465015184"
          }
        ]
      }
    },
    {
      "020": {
        "ind1": "\\",
        "ind2": "\\",
        "subfields": [
          {
            "a": "0465015190"
          }
        ]
      }
    },
    {
      "020": {
        "ind1": "\\",
        "ind2": "\\",
        "subfields": [
          {
            "a": "9780465015191"
          }
        ]
      }
    },
    {
      "035": {
        "ind1": "\\",
        "ind2": "\\",
        "subfields": [
          {
            "a": "(OCoLC)29471346"
          },
          {
            "z": "(OCoLC)173092676"
          },
          {
            "z": "(OCoLC)1020195726"
          },
          {
            "z": "(OCoLC)1167018201"
          },
          {
            "z": "(OCoLC)1201918957"
          },
          {
            "z": "(OCoLC)1242886150"
          }
        ]
      }
    },
    {
      "043": {
        "ind1": "\\",
        "ind2": "\\",
        "subfields": [
          {
            "a": "n-us---"
          }
        ]
      }
    },
    {
      "050": {
        "ind1": "0",
        "ind2": "0",
        "subfields": [
          {
            "a": "KF4757"
          },
          {
            "b": ".G699 1994"
          }
        ]
      }
    },
    {
      "060": {
        "ind1": "\\",
        "ind2": "4",
        "subfields": [
          {
            "a": "KF 4757 G798c"
          }
        ]
      }
    },
    {
      "080": {
        "ind1": "\\",
        "ind2": "\\",
        "subfields": [
          {
            "a": "342.724(73)(=96)"
          }
        ]
      }
    },
    {
      "082": {
        "ind1": "0",
        "ind2": "0",
        "subfields": [
          {
            "a": "342.730873"
          },
          {
            "b": "GRE"
          }
        ]
      }
    },
    {
      "100": {
        "ind1": "1",
        "ind2": "\\",
        "subfields": [
          {
            "a": "Greenberg, Jack,"
          },
          {
            "d": "1924-2016."
          }
        ]
      }
    },
    {
      "245": {
        "ind1": "1",
        "ind2": "0",
        "subfields": [
          {
            "a": "Crusaders in the courts :"
          },
          {
            "b": "how a dedicated band of lawyers fought for the civil rights revolution /"
          },
          {
            "c": "Jack Greenberg."
          }
        ]
      }
    },
    {
      "260": {
        "ind1": "\\",
        "ind2": "\\",
        "subfields": [
          {
            "a": "New York, NY :"
          },
          {
            "b": "BasicBooks,"
          },
          {
            "c": "\u00a91994."
          }
        ]
      }
    },
    {
      "300": {
        "ind1": "\\",
        "ind2": "\\",
        "subfields": [
          {
            "a": "xxii, 634 pages :"
          },
          {
            "b": "illustrations ;"
          },
          {
            "c": "24 cm"
          }
        ]
      }
    },
    {
      "336": {
        "ind1": "\\",
        "ind2": "\\",
        "subfields": [
          {
            "a": "text"
          },
          {
            "b": "txt"
          },
          {
            "2": "rdacontent"
          }
        ]
      }
    },
    {
      "337": {
        "ind1": "\\",
        "ind2": "\\",
        "subfields": [
          {
            "a": "unmediated"
          },
          {
            "b": "n"
          },
          {
            "2": "rdamedia"
          }
        ]
      }
    },
    {
      "338": {
        "ind1": "\\",
        "ind2": "\\",
        "subfields": [
          {
            "a": "volume"
          },
          {
            "b": "nc"
          },
          {
            "2": "rdacarrier"
          }
        ]
      }
    },
    {
      "504": {
        "ind1": "\\",
        "ind2": "\\",
        "subfields": [
          {
            "a": "Includes bibliographical references and index."
          }
        ]
      }
    },
    {
      "505": {
        "ind1": "0",
        "ind2": "\\",
        "subfields": [
          {
            "a": "pt. I. Preparing the ground : The Moses of the journey ; Sowing seeds ; Freedom house, 1949 ; Why me? ; The ground is hard ; Law schools in the Supreme Court -- pt. II. Edging toward a showdown: Brown v. Board of Education : An end to segregation, nothing else ; Groveland ; Preparing for battle ; Jim Crow and the voice of God in Kansas ; Groveland, Delaware, and dancers dressed in feathers ; The school segregation cases and bulldogs ; In the house of the law ; Back to the drawing board -- pt. III. Brown decided: eyes on the future : A historic turn ; The spirit of Black revolt stirs and Jim Crow fights back ; Lucy and Little Rock: war of all men against all men ; Trench warfare ; Vivid memories -- pt. IV. The movement takes off : Out of the courts and into the streets ; New clients, new cases, new theories ; The new chief counsel: I succeed Thurgood ; Completing the circle: freedom fighters free themselves ; Jim Crow crushed in Mississippi ; Freedom rides, freedom summer, fighting among freedom fighters ; From Selma to Montgomery -- pt. V. The era of the Civil Rights Act : LDF grows as an institution ; Education following the defeat of \"all deliberate speed\" ; Angela Davis, the San Rafael shootout, and turmoil at LDF ; Winning jobs ; The war on poverty: Martin Luther King, Jr., and NORI ; NORI and criminal justice ; Affirmative action ; LDF goes to Washington ; Final separations ; Beyond the rights of Blacks -- pt. VI. Changing the guard again : My last years at LDF ; A summation: victories and defeats -- The people of LDF."
          }
        ]
      }
    },
    {
      "520": {
        "ind1": "\\",
        "ind2": "\\",
        "subfields": [
          {
            "a": "This book is both a powerful personal memoir and the definitive history of an organization that helped change American society. Jack Greenberg was a key figure at the NAACP Legal Defense and Educational Fund (LDF) for some thirty-five years. Most of the cases we associate from that period--school integration, equal employment, fair housing, voter registration--were LDF cases, either argued by Greenberg himself or litigated under his direction. Greenberg represented Martin Luther King, Jr., in Birmingham and won for him the right to march from Selma to Montgomery. Under Greenberg's leadership, the LDF forced the University of Mississippi to admit James Meredith and integrated the University of Alabama when George Wallace stood in the schoolhouse door. Greenberg won the cases in which the Supreme Court repudiated the \"all deliberate speed\" doctrine, which had made school desegregation intolerably slow. Through the 1970s and 1980s, LDF tackled most of the important cases that enforced the new civil rights legislation of the 1960s involving public accommodations, employment, education, and health care, and started the campaigns for prisoners' rights and against capital punishment. More than a history of the litigation that made the LDF so important, the book offers unique insights into its strategies, courtroom techniques, values, and personal relationships. Filled with stories only Greenberg could tell of his experiences with Thurgood Marshall, Martin Luther King, Jr., Marian Wright Edelman, Lani Guinier, Roy Wilkins, Vernon Jordan, Charlayne Hunter-Gault, Lyndon Johnson, and scores of others, Crusaders in the Courts is an epic saga of a critical period in American history as well as the poignant personal story of the evolution of a white Jewish lawyer into a major civil rights advocate."
          }
        ]
      }
    },
    {
      "610": {
        "ind1": "2",
        "ind2": "0",
        "subfields": [
          {
            "a": "NAACP Legal Defense and Educational Fund"
          },
          {
            "x": "History."
          }
        ]
      }
    },
    {
      "600": {
        "ind1": "1",
        "ind2": "0",
        "subfields": [
          {
            "a": "Greenberg, Jack,"
          },
          {
            "d": "1924-2016."
          }
        ]
      }
    },
    {
      "650": {
        "ind1": "\\",
        "ind2": "0",
        "subfields": [
          {
            "a": "African Americans"
          },
          {
            "x": "Legal status, laws, etc."
          },
          {
            "x": "History"
          },
          {
            "y": "20th century."
          }
        ]
      }
    },
    {
      "650": {
        "ind1": "\\",
        "ind2": "0",
        "subfields": [
          {
            "a": "Race discrimination"
          },
          {
            "x": "Law and legislation"
          },
          {
            "z": "United States"
          },
          {
            "x": "History"
          },
          {
            "y": "20th century."
          }
        ]
      }
    },
    {
      "650": {
        "ind1": "\\",
        "ind2": "0",
        "subfields": [
          {
            "a": "Civil rights movements"
          },
          {
            "z": "United States"
          },
          {
            "x": "History"
          },
          {
            "y": "20th century."
          }
        ]
      }
    },
    {
      "650": {
        "ind1": "\\",
        "ind2": "0",
        "subfields": [
          {
            "a": "Lawyers"
          },
          {
            "z": "United States"
          },
          {
            "v": "Biography."
          }
        ]
      }
    },
    {
      "600": {
        "ind1": "1",
        "ind2": "7",
        "subfields": [
          {
            "a": "Greenberg, Jack,"
          },
          {
            "d": "1924-2016."
          },
          {
            "2": "fast"
          },
          {
            "0": "(OCoLC)fst00052462"
          }
        ]
      }
    },
    {
      "610": {
        "ind1": "2",
        "ind2": "7",
        "subfields": [
          {
            "a": "NAACP Legal Defense and Educational Fund."
          },
          {
            "2": "fast"
          },
          {
            "0": "(OCoLC)fst00547168"
          }
        ]
      }
    },
    {
      "650": {
        "ind1": "\\",
        "ind2": "7",
        "subfields": [
          {
            "a": "African Americans"
          },
          {
            "x": "Legal status, laws, etc."
          },
          {
            "2": "fast"
          },
          {
            "0": "(OCoLC)fst00799632"
          }
        ]
      }
    },
    {
      "650": {
        "ind1": "\\",
        "ind2": "7",
        "subfields": [
          {
            "a": "Civil rights movements."
          },
          {
            "2": "fast"
          },
          {
            "0": "(OCoLC)fst00862708"
          }
        ]
      }
    },
    {
      "650": {
        "ind1": "\\",
        "ind2": "7",
        "subfields": [
          {
            "a": "Lawyers."
          },
          {
            "2": "fast"
          },
          {
            "0": "(OCoLC)fst00994346"
          }
        ]
      }
    },
    {
      "650": {
        "ind1": "\\",
        "ind2": "7",
        "subfields": [
          {
            "a": "Race discrimination"
          },
          {
            "x": "Law and legislation."
          },
          {
            "2": "fast"
          },
          {
            "0": "(OCoLC)fst01086474"
          }
        ]
      }
    },
    {
      "651": {
        "ind1": "\\",
        "ind2": "7",
        "subfields": [
          {
            "a": "United States."
          },
          {
            "2": "fast"
          },
          {
            "0": "(OCoLC)fst01204155"
          }
        ]
      }
    },
    {
      "648": {
        "ind1": "\\",
        "ind2": "7",
        "subfields": [
          {
            "a": "1900-1999"
          },
          {
            "2": "fast"
          }
        ]
      }
    },
    {
      "655": {
        "ind1": "\\",
        "ind2": "2",
        "subfields": [
          {
            "a": "Biography"
          }
        ]
      }
    },
    {
      "655": {
        "ind1": "\\",
        "ind2": "7",
        "subfields": [
          {
            "a": "Biographies."
          },
          {
            "2": "fast"
          },
          {
            "0": "(OCoLC)fst01919896"
          }
        ]
      }
    },
    {
      "655": {
        "ind1": "\\",
        "ind2": "7",
        "subfields": [
          {
            "a": "History."
          },
          {
            "2": "fast"
          },
          {
            "0": "(OCoLC)fst01411628"
          }
        ]
      }
    },
    {
      "655": {
        "ind1": "\\",
        "ind2": "7",
        "subfields": [
          {
            "a": "Biographies."
          },
          {
            "2": "lcgft"
          }
        ]
      }
    },
    {
      "776": {
        "ind1": "0",
        "ind2": "8",
        "subfields": [
          {
            "i": "Online version:"
          },
          {
            "a": "Greenberg, Jack, 1924-"
          },
          {
            "t": "Crusaders in the courts."
          },
          {
            "d": "New York, NY : BasicBooks, \u00a91994"
          },
          {
            "w": "(OCoLC)623122480"
          }
        ]
      }
    },
    {
      "994": {
        "ind1": "\\",
        "ind2": "\\",
        "subfields": [
          {
            "a": "Z0"
          },
          {
            "b": "NYRVC"
          }
        ]
      }
    },
    {
      "948": {
        "ind1": "\\",
        "ind2": "\\",
        "subfields": [
          {
            "h": "NO HOLDINGS IN NYRVC - 915 OTHER HOLDINGS"
          }
        ]
      }
    },
    {
      "999": {
        "ind1": "\\",
        "ind2": "\\",
        "subfields": [
          {
            "a": "00000000019035"
          }
        ]
      }
    }
  ]
}